@Article{dikstra,
author = {Dijkstra, E. W.},
title = {A note on two problems in connexion with graphs},
journal = {Numerische Mathematik},
year = {1956},
volume = {1},
number = {},
pages = {269â€“271},
}

@Article{astar,
author = {Hart, P.E. and Nilsson, N.J. and Raphael, B.},
title = {A Formal Basis for the Heuristic Determination of Minimum Cost Paths},
journal = {IEEE Transactions on Systems Science and Cybernetics},
year = {1968},
volume = {4},
number = {2},
pages = {100-107}
}

@InProceedings{nelimarkka,
author = {Matti Nelimarkka and Juuso Karikoski},
title = {Categorizing and measuring social ties},
booktitle = {RC33 Eighth International Conference on Social Science Methodology},
year = {2012},
}

@Misc{aalto,
author = {{Aalto~yliopisto}},
title = {T-106.1223 Tietorakenteet ja Algoritmit Y},
howpublished = {Saatavilla verkossa: \url{https://noppa.aalto.fi/noppa/kurssi/t-106.1223/harjoitustyot/T-106_1223_tehtavananto.pdf}},
year = {2012}
}


